%YAML 1.1
%TAG !u! tag:unity3d.com,2011:
--- !u!1001 &100100000
Prefab:
  m_ObjectHideFlags: 1
  serializedVersion: 2
  m_Modification:
    m_TransformParent: {fileID: 0}
    m_Modifications: []
    m_RemovedComponents: []
  m_ParentPrefab: {fileID: 0}
  m_RootGameObject: {fileID: 1819645469841026}
  m_IsPrefabParent: 1
--- !u!1 &1819645469841026
GameObject:
  m_ObjectHideFlags: 0
  m_PrefabParentObject: {fileID: 0}
  m_PrefabInternal: {fileID: 100100000}
  serializedVersion: 5
  m_Component:
  - component: {fileID: 4542271478614862}
  - component: {fileID: 114734778746820678}
  - component: {fileID: 114869606263436160}
  m_Layer: 0
  m_Name: NetworkAutoLoad
  m_TagString: Untagged
  m_Icon: {fileID: 0}
  m_NavMeshLayer: 0
  m_StaticEditorFlags: 0
  m_IsActive: 1
--- !u!4 &4542271478614862
Transform:
  m_ObjectHideFlags: 1
  m_PrefabParentObject: {fileID: 0}
  m_PrefabInternal: {fileID: 100100000}
  m_GameObject: {fileID: 1819645469841026}
  m_LocalRotation: {x: -0, y: -0, z: -0, w: 1}
  m_LocalPosition: {x: 302.20807, y: 436.12875, z: 135.36154}
  m_LocalScale: {x: 1, y: 1, z: 1}
  m_Children: []
  m_Father: {fileID: 0}
  m_RootOrder: 0
  m_LocalEulerAnglesHint: {x: 0, y: 0, z: 0}
--- !u!114 &114734778746820678
MonoBehaviour:
  m_ObjectHideFlags: 1
  m_PrefabParentObject: {fileID: 0}
  m_PrefabInternal: {fileID: 100100000}
  m_GameObject: {fileID: 1819645469841026}
  m_Enabled: 1
  m_EditorHideFlags: 0
  m_Script: {fileID: 11500000, guid: 7bc0b34ded4add5469437ec66d5fa7b3, type: 3}
  m_Name: 
  m_EditorClassIdentifier: 
  m_BroadcastPort: 47777
  m_BroadcastKey: 2222
  m_BroadcastVersion: 1
  m_BroadcastSubVersion: 1
  m_BroadcastInterval: 1000
  m_UseNetworkManager: 0
  m_BroadcastData: HELLO
  m_ShowGUI: 1
  m_OffsetX: 0
  m_OffsetY: 0
  m_timeBeforeAutoLaunchingRoom: 10
  checkForServer: 5
  m_onServerNotFound:
    m_PersistentCalls:
      m_Calls: []
    m_TypeName: UnityEngine.Events.UnityEvent, UnityEngine.CoreModule, Version=0.0.0.0,
      Culture=neutral, PublicKeyToken=null
  m_onServerFound:
    m_PersistentCalls:
      m_Calls: []
    m_TypeName: UnityEngine.Events.UnityEvent, UnityEngine.CoreModule, Version=0.0.0.0,
      Culture=neutral, PublicKeyToken=null
--- !u!114 &114869606263436160
MonoBehaviour:
  m_ObjectHideFlags: 1
  m_PrefabParentObject: {fileID: 0}
  m_PrefabInternal: {fileID: 100100000}
  m_GameObject: {fileID: 1819645469841026}
  m_Enabled: 1
  m_EditorHideFlags: 0
  m_Script: {fileID: 11500000, guid: 4cf2b6fffd0ab704bbb5831fc048ede3, type: 3}
  m_Name: 
  m_EditorClassIdentifier: 
  m_paramsLoaded: []
  m_onArgFound:
    m_PersistentCalls:
      m_Calls:
      - m_Target: {fileID: 114734778746820678}
        m_MethodName: JoinOrHostBasedOnParams
        m_Mode: 0
        m_Arguments:
          m_ObjectArgument: {fileID: 0}
          m_ObjectArgumentAssemblyTypeName: UnityEngine.Object, UnityEngine
          m_IntArgument: 0
          m_FloatArgument: 0
          m_StringArgument: 
          m_BoolArgument: 0
        m_CallState: 2
    m_TypeName: ParamsWindow+OnArgFound, Assembly-CSharp, Version=0.0.0.0, Culture=neutral,
      PublicKeyToken=null
  m_textDebug: {fileID: 0}
  m_fakeParams: []
